<record><leader>00000cas a2200000 a 4500</leader><controlfield tag="001">12146343</controlfield><controlfield tag="008">850612d18791924ksuwr ne      0    0eng c</controlfield><datafield ind1=" " ind2=" " tag="010"><subfield code="a">sn 85030478 </subfield></datafield><datafield ind1=" " ind2=" " tag="040"><subfield code="a">KSH</subfield><subfield code="b">eng</subfield><subfield code="c">KSH</subfield><subfield code="d">NPT</subfield><subfield code="d">NYS</subfield><subfield code="d">OCL</subfield><subfield code="d">BUF</subfield><subfield code="d">CUI</subfield><subfield code="d">OCLCQ</subfield><subfield code="d">OCLCF</subfield></datafield><datafield ind1="1" ind2=" " tag="029"><subfield code="a">AU@</subfield><subfield code="b">000025833352</subfield></datafield><datafield ind1=" " ind2=" " tag="042"><subfield code="a">pcc</subfield></datafield><datafield ind1=" " ind2=" " tag="043"><subfield code="a">n-us-ks</subfield></datafield><datafield ind1="1" ind2="4" tag="050"><subfield code="a">AN256</subfield><subfield code="b">.D43</subfield></datafield><datafield ind1="0" ind2=" " tag="130"><subfield code="a">Council Grove Republican (Council Grove, Kan. : Weekly)</subfield></datafield><datafield ind1="1" ind2="4" tag="245"><subfield code="a">The Council Grove Republican.</subfield></datafield><datafield ind1=" " ind2=" " tag="260"><subfield code="a">Council Grove, Kan. :</subfield><subfield code="b">Frank A. Moriarty,</subfield><subfield code="c">-1924.</subfield></datafield><datafield ind1=" " ind2=" " tag="300"><subfield code="a">v. :</subfield><subfield code="b">ill. ;</subfield><subfield code="c">65 cm.</subfield></datafield><datafield ind1=" " ind2=" " tag="310"><subfield code="a">Weekly</subfield></datafield><datafield ind1="0" ind2=" " tag="362"><subfield code="a">-v. 52, no. 1 (Aug. 28, 1924).</subfield></datafield><datafield ind1="1" ind2=" " tag="362"><subfield code="a">Began in Jan. 1879.</subfield></datafield><datafield ind1=" " ind2=" " tag="500"><subfield code="a">Publisher varies.</subfield></datafield><datafield ind1=" " ind2=" " tag="500"><subfield code="a">Supplements included.</subfield></datafield><datafield ind1=" " ind2=" " tag="580"><subfield code="a">Issued with Kansas cosmos, Oct. 15, 1886-Apr. 8, 1887.</subfield></datafield><datafield ind1=" " ind2=" " tag="588"><subfield code="a">Description based on: Vol. 2, no. 16 (Jan. 18, 1879).</subfield></datafield><datafield ind1=" " ind2="0" tag="651"><subfield code="a">Council Grove (Kan.)</subfield><subfield code="v">Newspapers.</subfield></datafield><datafield ind1=" " ind2="0" tag="651"><subfield code="a">Morris County (Kan.)</subfield><subfield code="v">Newspapers.</subfield></datafield><datafield ind1=" " ind2="7" tag="655"><subfield code="a">Newspapers.</subfield><subfield code="2">fast</subfield><subfield code="0">(OCoLC)fst01423814</subfield></datafield><datafield ind1=" " ind2="7" tag="651"><subfield code="a">Kansas</subfield><subfield code="z">Council Grove.</subfield><subfield code="2">fast</subfield><subfield code="0">(OCoLC)fst01275458</subfield></datafield><datafield ind1=" " ind2="7" tag="651"><subfield code="a">Kansas</subfield><subfield code="z">Morris County.</subfield><subfield code="2">fast</subfield><subfield code="0">(OCoLC)fst01217672</subfield></datafield><datafield ind1=" " ind2=" " tag="752"><subfield code="a">United States</subfield><subfield code="b">Kansas</subfield><subfield code="c">Morris</subfield><subfield code="d">Council Grove.</subfield></datafield><datafield ind1="0" ind2="8" tag="776"><subfield code="i">Online version:</subfield><subfield code="t">Council Grove Republican (Council Grove, Kan. : Weekly : Online)</subfield><subfield code="w">(OCoLC)192107234</subfield></datafield><datafield ind1="1" ind2=" " tag="777"><subfield code="t">Kansas cosmos</subfield><subfield code="w">(DLC)sn 85030477</subfield><subfield code="w">(OCoLC)12156926</subfield></datafield><datafield ind1="0" ind2="0" tag="780"><subfield code="t">Republican and Democrat (Council Grove, Kan.)</subfield><subfield code="w">(DLC)sn 85030473</subfield><subfield code="w">(OCoLC)12141313</subfield></datafield><datafield ind1="0" ind2="5" tag="780"><subfield code="t">Kansas cosmos</subfield><subfield code="g">Apr. 8, 1887</subfield><subfield code="w">(DLC)sn 85030477</subfield><subfield code="w">(OCoLC)12156926</subfield></datafield><datafield ind1="0" ind2="7" tag="785"><subfield code="t">Daily guard (Council Grove, Kan.)</subfield><subfield code="w">(DLC)sn 85030479</subfield><subfield code="w">(OCoLC)12141220</subfield></datafield><datafield ind1="0" ind2="7" tag="785"><subfield code="t">Council Grove Republican (Council Grove, Kan. : Daily)</subfield><subfield code="w">(DLC)sn 85031577</subfield><subfield code="w">(OCoLC)12141264</subfield></datafield></record>